<?xml version="1.0" encoding="UTF-8"?><collection xmlns="http://www.loc.gov/MARC21/slim"><record><leader>00395nam--2200133-i-4500</leader><controlfield tag="001">000034529</controlfield><controlfield tag="002">20161230</controlfield><controlfield tag="005">20161230201040</controlfield><controlfield tag="008">060222s1000------------r-----000-0-eng-d</controlfield><datafield ind1=" " ind2=" " tag="080"><subfield code="a">620.179.15:621.039.548(026)</subfield></datafield><datafield ind1=" " ind2=" " tag="245"><subfield code="a">Neutron radiography handbook. nuclear science and technology</subfield></datafield><datafield ind1=" " ind2=" " tag="260"><subfield code="a">London, D.Reidel Publ.Comp.,1981. X+170p</subfield></datafield><datafield ind1=" " ind2=" " tag="700"><subfield code="a">P.Von Der Hardt And H.Rottger</subfield></datafield><datafield ind1=" " ind2=" " tag="852"><subfield code="a">70532</subfield></datafield></record></collection>